@article{AngristPischke2010,
  title={The credibility revolution in empirical economics: How better research design is taking the con out of econometrics},
  author={Angrist, Joshua D and Pischke, J{\"o}rn-Steffen},
  journal={Journal of economic perspectives},
  volume={24},
  number={2},
  pages={3--30},
  year={2010},
  publisher={American Economic Association}
}

@article{BarroLee2013,
title = {A new data set of educational attainment in the world, 1950–2010},
journal = {Journal of Development Economics},
volume = {104},
pages = {184-198},
year = {2013},
issn = {0304-3878},
doi = {https://doi.org/10.1016/j.jdeveco.2012.10.001},
url = {https://www.sciencedirect.com/science/article/pii/S0304387812000855},
author = {Robert J. Barro and Jong Wha Lee}
}

@article{BastenBetz2013,
  title={Beyond work ethic: Religion, individual, and political preferences},
  author={Basten, Christoph and Betz, Frank},
  journal={American Economic Journal: Economic Policy},
  volume={5},
  number={3},
  pages={67--91},
  year={2013},
  publisher={American Economic Association}
}

@article{CarpenterDobkin2009,
  title={The effect of alcohol consumption on mortality: regression discontinuity evidence from the minimum drinking age},
  author={Carpenter, Christopher and Dobkin, Carlos},
  journal={American Economic Journal: Applied Economics},
  volume={1},
  number={1},
  pages={164--182},
  year={2009},
  publisher={American Economic Association}
}

@article{ImbensKalyanaraman2012,
  title={Optimal bandwidth choice for the regression discontinuity estimator},
  author={Imbens, Guido and Kalyanaraman, Karthik},
  journal={The Review of economic studies},
  volume={79},
  number={3},
  pages={933--959},
  year={2012},
  publisher={Oxford University Press}
}

@article{ImbensLemieux2008,
  title={Regression discontinuity designs: A guide to practice},
  author={Imbens, G. W. and Lemieux, Thomas},
  journal={Journal of econometrics},
  volume={142},
  number={2},
  pages={615--635},
  year={2008},
  publisher={Elsevier}
}

@article{GelmanImbens2019,
  title={Why high-order polynomials should not be used in regression discontinuity designs},
  author={Gelman, Andrew and Imbens, Guido},
  journal={Journal of Business \& Economic Statistics},
  volume={37},
  number={3},
  pages={447--456},
  year={2019},
  publisher={Taylor \& Francis}
}

@article{Lee2008,
  title={Randomized experiments from non-random selection in US House elections},
  author={Lee, David S},
  journal={Journal of Econometrics},
  volume={142},
  number={2},
  pages={675--697},
  year={2008},
  publisher={Elsevier}
}

@book{Weber2004,
  title={Die protestantische Ethik und der Geist des Kapitalismus},
  author={Weber, Max},
  volume={1614},
  year={2004},
  publisher={CH Beck},
  note={Erstveröffentlichung im Jahr 1930}
}

@article{Hahnetal2018,
  title={Regularization and confounding in linear regression for treatment effect estimation},
  author={Hahn, P Richard and Carvalho, Carlos M and Puelz, David and He, Jingyu},
  year={2018}
}

@article{Tibshirani1996,
  title={Regression shrinkage and selection via the lasso},
  author={Tibshirani, Robert},
  journal={Journal of the Royal Statistical Society Series B: Statistical Methodology},
  volume={58},
  number={1},
  pages={267--288},
  year={1996},
  publisher={Oxford University Press}
}

@article{Efronetal2004,
  title={Least angle regression},
  author={Efron, Bradley and Hastie, Trevor and Johnstone, Iain and Tibshirani, Robert},
  year={2004}
}

@article{Bellonietal2012,
  title={Sparse models and methods for optimal instruments with an application to eminent domain},
  author={Belloni, Alexandre and Chen, Daniel and Chernozhukov, Victor and Hansen, Christian},
  journal={Econometrica},
  volume={80},
  number={6},
  pages={2369--2429},
  year={2012},
  publisher={Wiley Online Library}
}

@article{BelloniChernozhukov2013,
  title={Least squares after model selection in high-dimensional sparse models},
  author={Belloni, Alexandre and Chernozhukov, Victor},
  journal={Bernoulli},
  pages={521--547},
  year={2013},
  publisher={JSTOR}
}

@article{Bellonietal2014,
  title={High-dimensional methods and inference on structural and treatment effects},
  author={Belloni, Alexandre and Chernozhukov, Victor and Hansen, Christian},
  journal={Journal of Economic Perspectives},
  volume={28},
  number={2},
  pages={29--50},
  year={2014},
  publisher={American Economic Association 2014 Broadway, Suite 305, Nashville, TN 37203-2418}
}

@article{HoerlKennard1970,
  title={{Ridge regression: Biased estimation for nonorthogonal problems}},
  author={Hoerl, Arthur E and Kennard, Robert W},
  journal={Technometrics},
  volume={12},
  number={1},
  pages={55--67},
  year={1970},
  publisher={Taylor \& Francis}
}

@article{CortezSilva2008,
  title={Using data mining to predict secondary school student performance},
  author={Cortez, Paulo and Silva, Alice Maria Gon{\c{c}}alves},
  year={2008},
  publisher={EUROSIS-ETI}
}

@article{McCrary2008,
  title={Manipulation of the running variable in the regression discontinuity design: A density test},
  author={McCrary, Justin},
  journal={Journal of Econometrics},
  volume={142},
  number={2},
  pages={698--714},
  year={2008},
  publisher={Elsevier}
}


